<record><leader>00000cas a22000007a 4500</leader><controlfield tag="001">13090897</controlfield><controlfield tag="008">860131c18979999wvuwr ne      0    0eng d</controlfield><datafield ind1=" " ind2=" " tag="010"><subfield code="a">sn 86092117 </subfield></datafield><datafield ind1=" " ind2=" " tag="040"><subfield code="a">WVC</subfield><subfield code="b">eng</subfield><subfield code="c">WVC</subfield><subfield code="d">OCL</subfield><subfield code="d">OCLCQ</subfield></datafield><datafield ind1=" " ind2=" " tag="042"><subfield code="a">msc</subfield></datafield><datafield ind1="0" ind2="4" tag="245"><subfield code="a">The Monroe watchman.</subfield></datafield><datafield ind1=" " ind2=" " tag="260"><subfield code="a">Union, W. Va. :</subfield><subfield code="b">A.S. Johnston,</subfield><subfield code="c">1897-</subfield></datafield><datafield ind1=" " ind2=" " tag="300"><subfield code="a">v.</subfield></datafield><datafield ind1=" " ind2=" " tag="310"><subfield code="a">Weekly</subfield></datafield><datafield ind1="0" ind2=" " tag="362"><subfield code="a">Vol. 25, no. 7 (Mar. 18, 1897)-</subfield></datafield><datafield ind1=" " ind2=" " tag="752"><subfield code="a">United States</subfield><subfield code="b">West Virginia</subfield><subfield code="c">Monroe</subfield><subfield code="d">Union.</subfield></datafield><datafield ind1="0" ind2="0" tag="780"><subfield code="t">Monroe County watchman</subfield><subfield code="w">(DLC)sn 86092116</subfield></datafield></record>